@INPROCEEDINGS{mayr22priors,
  author={Mayr, Matthias and Hvarfner, Carl and Chatzilygeroudis, Konstantinos and Nardi, Luigi and Krueger, Volker},
  booktitle={2022 IEEE 18th International Conference on Automation Science and Engineering (CASE)},
  title={Learning Skill-based Industrial Robot Tasks with User Priors}, 
  year={2022},
  volume={},
  number={},
  pages={1485-1492},
  doi={10.1109/CASE49997.2022.9926713}}

@misc{mayr22skireil,
  author = {Mayr, Matthias and Ahmad, Faseeh and Chatzilygeroudis, Konstantinos and Nardi, Luigi and Krueger, Volker},
  title = {Skill-based Multi-objective Reinforcement Learning of Industrial Robot Tasks with Planning and Knowledge Integration},
  year = {2022},  
  url = {https://arxiv.org/abs/2203.10033},
  keywords = {Robotics (cs.RO), Machine Learning (cs.LG), FOS: Computer and information sciences, FOS: Computer and information sciences},
  publisher = {arXiv},
  copyright = {Creative Commons Attribution Share Alike 4.0 International},
  doi = {10.48550/ARXIV.2203.10033}
}

@InProceedings{FDCC,
  Title                    = {Forward Dynamics Compliance Control (FDCC): A new approach to cartesian compliance for robotic manipulators},
  Author                   = {S. Scherzinger and A. Roennau and R. Dillmann},
  Booktitle                = {IEEE/RSJ International Conference on Intelligent Robots and Systems (IROS)},
  Year                     = {2017},
  Pages                    = {4568-4575},
  Doi                      = {10.1109/IROS.2017.8206325}
}

@inproceedings{ahmad2022generalizing,
  title={Generalizing Behavior Trees and Motion-Generator (BTMG) Policy Representation for Robotic Tasks Over Scenario Parameters},
  author={Ahmad, Faseeh and Mayr, Matthias and Topp, Elin Anna and Malec, Jacek and Krueger, Volker},
  booktitle={2022 IJCAI Planning and Reinforcement Learning Workshop},
  year={2022}
}

@book{springer:2016,
  title={Springer Handbook of Robotics},
  author={Siciliano, Bruno and Khatib, Oussama},
  year={2016},
  publisher = {Springer, Berlin, Germany},
  doi={10.1007/978-3-319-32552-1}
}

@article{hogan:1985,
  author = {Hogan, Neville},
  journal = {J. Dynamic Syst., Measurement, and Control},
  number = 1,
  pages ={1--24},
  publisher = {{ASME} International},
  title = {Impedance Control: An Approach to Manipulation: Parts {I--III}},
  volume = 107,
  year = 1985,
  doi={10.1115/1.3140702}
}

@book{ott:2008,
  title={Cartesian impedance control of redundant and flexible-joint robots},
  author={Ott, Christian},
  year={2008},
  publisher = {Springer, Berlin, Germany}
}

@article{khatib:1995,
  title={Inertial properties in robotic manipulation: An object-level framework},
  author={Khatib, Oussama},
  journal={The International Journal of Robotics Research},
  volume={14},
  number={1},
  pages={19--36},
  year={1995},
  publisher={Sage Publications Sage CA: Thousand Oaks, CA},
  doi={10.1177/027836499501400103}
}

@book{ben:2003,
  title={Generalized Inverses: Theory and Applications},
  author={Ben-Israel, Adi and Greville, Thomas NE},
  year={2003},
  publisher={Springer-Verlag, New York, USA},
  doi={10.1007/b97366}
}

@inproceedings{quigley:2009,
  title={ROS: an open-source Robot Operating System},
  author={Quigley, Morgan and Conley, Ken and Gerkey, Brian and Faust, Josh and Foote, Tully and Leibs, Jeremy and Wheeler, Rob and Ng, Andrew Y and others},
  booktitle={IEEE International Conference on Robotics and Automation (ICRA): Workshop on open source software},
  number={3.2},
  year={2009},
  address = "Kobe, Japan",
  %note = {May 12--17}
  month = may # {~12} # {--} # {17,}
}

@inproceedings{lawrence:1988,
  title={Impedance control stability properties in common implementations},
  author={Lawrence, Dale A},
  booktitle={IEEE International Conference on Robotics and Automation (ICRA)},
  pages={1185--1190},
  year={1988},
  address = {Philadelphia, USA},
  month = "Apr" # {~24} # {--} # {29,},
  doi={10.1109/ROBOT.1988.12222}
}

@article{ros_control,
author = {Chitta, Sachin and Marder-Eppstein, Eitan and Meeussen, Wim and Pradeep, Vijay and Rodr{\'i}guez Tsouroukdissian, Adolfo  and Bohren, Jonathan and Coleman, David and Magyar, Bence and Raiola, Gennaro and L{\"u}dtke, Mathias and Fern{\'a}ndez Perdomo, Enrique},
title = {ros\_control: A generic and simple control framework for ROS},
journal = {The Journal of Open Source Software},
year = {2017},
doi = {10.21105/joss.00456},
URL = {http://www.theoj.org/joss-papers/joss.00456/10.21105.joss.00456.pdf}
}

@article{Lee2018,
  doi = {10.21105/joss.00500},
  url = {https://doi.org/10.21105/joss.00500},
  year  = {2018},
  month = {Feb},
  publisher = {The Open Journal},
  volume = {3},
  number = {22},
  pages = {500},
  author = {Jeongseok Lee and Michael X. Grey and Sehoon Ha and Tobias Kunz and Sumit Jain and Yuting Ye and Siddhartha S. Srinivasa and Mike Stilman and C. Karen Liu},
  title = {{DART}: Dynamic Animation and Robotics Toolkit},
  journal = {The Journal of Open Source Software}
}

@misc{panda,
  title = {Franka {E}mika {P}anda -- {D}ata {S}heet},
  howpublished = {\url{https://www.generationrobots.com/media/panda-franka-emika-datasheet.pdf}},
  year = {2019},
  author = {{Franka Emika}},
  urldate = {2022-09-13}
}


@misc{franka_ros,
  title = {Franka {E}mika {P}anda -- franka_ros {D}ocumentation},
  howpublished = {\url{https://frankaemika.github.io/docs/franka_ros.html}},
  year = {2017},
  author = {{Franka Emika}},
  urldate = {2022-12-19}
}

@misc{libfranka,
  title = {Franka {E}mika {P}anda -- libfranka {D}ocumentation},
  howpublished = {\url{https://frankaemika.github.io/docs/libfranka.html}},
  year = {2017},
  author = {{Franka Emika}},
  urldate = {2022-12-19}
}